<record><leader>00000cas a2200000 a 4500</leader><controlfield tag="001">8807289</controlfield><controlfield tag="008">820925c19359999fludr ne      0   a0eng  </controlfield><datafield ind1=" " ind2=" " tag="010"><subfield code="a">sn 82014947 </subfield></datafield><datafield ind1=" " ind2=" " tag="040"><subfield code="a">DLC</subfield><subfield code="b">eng</subfield><subfield code="c">DLC</subfield><subfield code="d">NPU</subfield><subfield code="d">NPY</subfield><subfield code="d">DLC</subfield><subfield code="d">KNP</subfield><subfield code="d">NSD</subfield><subfield code="d">MQN</subfield><subfield code="d">KNP</subfield><subfield code="d">NVF</subfield><subfield code="d">MGN</subfield><subfield code="d">FUG</subfield><subfield code="d">CNK</subfield><subfield code="d">FUG</subfield><subfield code="d">DLC</subfield><subfield code="d">OCLCQ</subfield><subfield code="d">OCLCO</subfield><subfield code="d">OCLCQ</subfield><subfield code="d">OCLCF</subfield></datafield><datafield ind1=" " ind2=" " tag="012"><subfield code="i">9603</subfield><subfield code="m">1</subfield></datafield><datafield ind1="1" ind2=" " tag="022"><subfield code="a">1041-1577</subfield><subfield code="l">1041-1577</subfield><subfield code="2">1</subfield></datafield><datafield ind1="1" ind2=" " tag="029"><subfield code="a">AU@</subfield><subfield code="b">000026234861</subfield></datafield><datafield ind1=" " ind2=" " tag="032"><subfield code="a">513460</subfield><subfield code="b">USPS</subfield></datafield><datafield ind1=" " ind2=" " tag="037"><subfield code="b">158 Cordova St., P.O. Box 1630, St. Augustine, FL 32084</subfield></datafield><datafield ind1=" " ind2=" " tag="042"><subfield code="a">msc</subfield></datafield><datafield ind1=" " ind2=" " tag="043"><subfield code="a">n-us-fl</subfield></datafield><datafield ind1="0" ind2="0" tag="050"><subfield code="a">Newspaper</subfield></datafield><datafield ind1=" " ind2="4" tag="222"><subfield code="a">The St. Augustine record</subfield></datafield><datafield ind1="0" ind2="4" tag="245"><subfield code="a">The St. Augustine record.</subfield></datafield><datafield ind1="3" ind2=" " tag="246"><subfield code="a">Saint Augustine record</subfield></datafield><datafield ind1=" " ind2=" " tag="260"><subfield code="a">St. Augustine, Fla. :</subfield><subfield code="b">Record Co.,</subfield><subfield code="c">1935-</subfield></datafield><datafield ind1=" " ind2=" " tag="300"><subfield code="a">v. :</subfield><subfield code="b">ill. ;</subfield><subfield code="c">59-68 cm.</subfield></datafield><datafield ind1=" " ind2=" " tag="310"><subfield code="a">Daily,</subfield><subfield code="b">&lt;1995&gt;</subfield></datafield><datafield ind1=" " ind2=" " tag="321"><subfield code="a">Daily (except Saturday),</subfield><subfield code="b">1935-&lt;1947&gt;</subfield></datafield><datafield ind1=" " ind2=" " tag="321"><subfield code="a">Daily (except Sunday),</subfield><subfield code="b">&lt;1986&gt;</subfield></datafield><datafield ind1="0" ind2=" " tag="362"><subfield code="a">Vol. 42, no. 29 (Nov. 24, 1935)-</subfield></datafield><datafield ind1=" " ind2=" " tag="500"><subfield code="a">Published by: The Florida Pub. Co., &lt;1988&gt;-</subfield></datafield><datafield ind1=" " ind2=" " tag="515"><subfield code="a">Vol. 44, no. 7 also called "Historical restoration issue."</subfield></datafield><datafield ind1=" " ind2=" " tag="515"><subfield code="a">Vol. 49, no. 258 also called "Service edition."</subfield></datafield><datafield ind1=" " ind2=" " tag="530"><subfield code="a">Also issued on microfilm from Bell &amp; Howell, Micro Photo Division.</subfield></datafield><datafield ind1=" " ind2=" " tag="588"><subfield code="a">Latest issue consulted: Vol. 102, no. 304 (Oct. 31, 1995).</subfield></datafield><datafield ind1=" " ind2="0" tag="651"><subfield code="a">Saint Augustine (Fla.)</subfield><subfield code="v">Newspapers.</subfield></datafield><datafield ind1=" " ind2="0" tag="651"><subfield code="a">Saint Johns County (Fla.)</subfield><subfield code="v">Newspapers.</subfield></datafield><datafield ind1=" " ind2="7" tag="655"><subfield code="a">Newspapers.</subfield><subfield code="2">fast</subfield><subfield code="0">(OCoLC)fst01423814</subfield></datafield><datafield ind1=" " ind2="7" tag="651"><subfield code="a">Florida</subfield><subfield code="z">Saint Augustine.</subfield><subfield code="2">fast</subfield><subfield code="0">(OCoLC)fst01206165</subfield></datafield><datafield ind1=" " ind2="7" tag="651"><subfield code="a">Florida</subfield><subfield code="z">Saint Johns County.</subfield><subfield code="2">fast</subfield><subfield code="0">(OCoLC)fst01206166</subfield></datafield><datafield ind1=" " ind2=" " tag="752"><subfield code="a">United States</subfield><subfield code="b">Florida</subfield><subfield code="c">Saint Johns</subfield><subfield code="d">Saint Augustine.</subfield></datafield><datafield ind1="0" ind2="0" tag="780"><subfield code="t">St. Augustine evening record</subfield><subfield code="w">(DLC)sn 93063908</subfield><subfield code="w">(OCoLC)28360144</subfield></datafield><datafield ind1=" " ind2=" " tag="850"><subfield code="a">FU</subfield></datafield><datafield ind1="4" ind2=" " tag="856"><subfield code="u">http://staugustine.com/</subfield></datafield><datafield ind1="4" ind2=" " tag="856"><subfield code="u">http://staugustine.com/events/</subfield></datafield></record>